<?xml version="1.0" encoding="UTF-8"?><record xmlns="http://www.loc.gov/MARC21/slim" xmlns:cinclude="http://apache.org/cocoon/include/1.0" xmlns:zs="http://www.loc.gov/zing/srw/">
  <leader>00327nz  a2200121n  4500</leader>
  <controlfield tag="001">n  98078192 </controlfield>
  <controlfield tag="003">DLC</controlfield>
  <controlfield tag="005">19980831143940.0</controlfield>
  <controlfield tag="008">980831n| acannaab|          |n aaa |||  </controlfield>
  <datafield tag="010" ind1=" " ind2=" ">
    <subfield code="a">n  98078192 </subfield>
  </datafield>
  <datafield tag="040" ind1=" " ind2=" ">
    <subfield code="a">DLC</subfield>
    <subfield code="c">DLC</subfield>
  </datafield>
  <datafield tag="100" ind1="1" ind2="0">
    <subfield code="a">Subedi, Sree</subfield>
  </datafield>
  <datafield tag="670" ind1=" " ind2=" ">
    <subfield code="a">A sociology of mental illness, 1999:</subfield>
    <subfield code="b">CIP t.p. (Sree Subedi, Miami University)</subfield>
  </datafield>
</record>